%% This BibTeX bibliography file was created using BibDesk.
%% http://bibdesk.sourceforge.net/


%% Created for Lauro Cesar Araujo at 2015-04-27 19:43:45 -0300 


%% Saved with string encoding Unicode (UTF-8) 
@article{Akkaya,
	Author = {Kemal Akkaya and Mohamed Younis},
	Journal = {Ad Hoc Networks},
	Number = {3},
	Pages = {325-349},
	url={https://www.sciencedirect.com/science/article/pii/S1570870503000738#VT1},
	Urlaccessdate = {26 de de abril de de 2018},
	Title = { A survey on routing protocols for wireless sensor networks},
	Volume = {3},
	Year = {2005}}

@article{Jamal,
	Author = {Jamal N. Al-karaki and Ahmed E. Kamal},
	Journal = {IEEE Wireless Communications},
	Number = {6},
	Pages = {6 - 28},
	url={http://ieeexplore.ieee.org/abstract/document/1368893/},
	Urlaccessdate = {26 de abril de 2018},
	Title = {Routing techniques in wireless sensor networks: a survey},
	Volume = {11},
	Year = {2004}}

@article{Villalba,
	Author = {Villalba, L. J. G. and others},
	Journal = {Sensors},
	Number = {11},
	Pages = {8399-8421},
	url={https://www.ncbi.nlm.nih.gov/pmc/articles/PMC3260592/},
	Urlaccessdate = {26 de abril de 2018},
	Title = {Routing Protocols in Wireless Sensor Networks},
	Volume = {9},
	Year = {2009}}

@article{Capella,
	Author = {Capella, J. C and others},
	Journal = {Sensors},
	Number = {11},
	Pages = {1816},
	url={https://www.ncbi.nlm.nih.gov/pmc/articles/PMC5134475/},
	Urlaccessdate = {26 de abril de 2018},
	Title = {A Reference Model for Monitoring IoT WSN-Based Applications},
	Volume = {16},
	Year = {2016}}
	
@article{Almalkawi,
	Author = {Almalkawi, I. T. and others},
	Journal = {Sensors},
	Number = {7},
	Pages = {6662-6717},
	url={https://www.ncbi.nlm.nih.gov/pmc/articles/PMC3231118/},
	Urlaccessdate = {26 de abril de 2018},
	Title = {Wireless Multimedia Sensor Networks: Current Trends and Future Directions},
	Volume = {10},
	Year = {2010}}
	
@article{Shakshuki,
	Author = {Elhadi Shakshuki and Xinyu Xing and Haroon Malik},
	Journal = {Handbook of Research on Mobile Multimedia},
	Number = {},
	Pages = {16},
	url={https://pdfs.semanticscholar.org/4437/0558cadd9c05916947bd65c2d952f0b217a9.pdf},
	Urlaccessdate = {26 de abril de 2018},
	Title = {An Introduction to Wireless Multimedia Sensor Networks},
	Volume = {2},
	Year = {2009}}

@article{Aswale,
	Author = {Shailendra Aswale and Vijay R. Ghorpade},
	Journal = {Proc. of Int. Conf. on Recent Trends in Information, Telecommunication and Computing},
	Number = {},
	Pages = {6},
	url={http://citeseerx.ist.psu.edu/viewdoc/download?doi=10.1.1.428.6600&rep=rep1&type=pdf},
	Urlaccessdate = {26 de abril de 2018},
	Title = {Wireless Multimedia Sensor Network: A Survey on Multimedia Sensors},
	Volume = {},
	Year = {2013}}
	
@article{Shen,
	Author = {Hang Shen and Guangwei Bai},
	Journal = {Journal of Network and Computer Applications},
	Number = {},
	Pages = {30-49},
	url={https://www.sciencedirect.com/science/article/pii/S1084804516301102},
	Urlaccessdate = {26 de abril de 2018},
	Title = {Routing in wireless multimedia sensor networks: A survey and challenges ahead},
	Volume = {71},
	Year = {2016}}
	
@article{Ziad,
	Author = {Ziad Serhan and Wafaa Bou Diab},
	Journal = {IEEE 29th International Conference on Advanced Information Networking and Applications},
	Number = {},
	Pages = {},
	url={https://ieeexplore.ieee.org/document/7097974/},
	Urlaccessdate = {30 de abril de 2018},
	Title = {Energy-Efficient QoS Routing in Wireless Multimedia Sensor Networks},
	Volume = {},
	Year = {2015}}

@article{Zara,
	Author = {Zara Hamid and Faisal Bashir Hussain},
	Journal = {Wireless Personal Communications},
	Number = {1},
	Pages = {729-757},
	url={https://link.springer.com/article/10.1007%2Fs11277-013-1389-0},
	Urlaccessdate = {30 de abril de 2018},
	Title = {QoS in Wireless Multimedia Sensor Networks: A Layered and Cross-Layered Approach},
	Volume = {75},
	Year = {2014}}

@article{Akyildiz,
	Author = {Ian F. Akyildiz and Tommaso Melodia and Kaushik R. Chowdury},
	Journal = {Wireless Personal Communications},
	Number = {6},
	Pages = {32-39},
	url={https://ieeexplore.ieee.org/document/4407225/},
	Urlaccessdate = {30 de abril de 2018},
	Title = {Wireless multimedia sensor networks: A survey},
	Volume = {14},
	Year = {2007}}

@article{Sutagundar,
	Author = {A. V. Sutagundar and S. S. Manvi and Kirankumar. B. Balavalad},
	Journal = {International Journal of Computer and Electrical Engineering},
	Number = {6},
	Pages = {503-510},
	url={http://www.ijcee.org/papers/185-E481.pdf},
	Urlaccessdate = {30 de abril de 2018},
	Title = {Energy efficient multipath routing protocol for WMSNs},
	Volume = {2},
	Year = {2010}}
	
@article{Turjman,
	Author = {Fadi Al-Turjman and Ayman Radwan},
	Journal = {IEEE Wireless Communications},
	Number = {5},
	Pages = {126-131},
	url={https://ieeexplore.ieee.org/document/8088539/},
	Urlaccessdate = {30 de abril de 2018},
	Title = {Data Delivery in Wireless Multimedia Sensor Networks: Challenging and Defying in the IoT Era},
	Volume = {24},
	Year = {2017}}	
	
@article{Mbarushimana,
	Author = {C. Mbarushimana and A. Shahrabi},
	Journal = {Advanced Information Networking and Applications Workshops},
	Number = {},
	Pages = {},
	url={https://ieeexplore.ieee.org/document/4224182/},
	Urlaccessdate = {30 de abril de 2018},
	Title = {Comparative Study of Reactive and Proactive Routing Protocols Performance in Mobile Ad Hoc Networks},
	Volume = {},
	Year = {2007}}	

@article{Hasan,
	Author = {Mohammed Zaki Hasan and Hussain Al-Rizzo and Fadi Al-Turjman},
	Journal = {IEEE Communications Surveys and Tutorials},
	Number = {3},
	Pages = {1424-1456},
	url={https://ieeexplore.ieee.org/document/7835615/},
	Urlaccessdate = {30 de abril de 2018},
	Title = {A Survey on Multipath Routing Protocols for QoS Assurances in Real-Time Wireless Multimedia Sensor Networks},
	Volume = {19},
	Year = {2017}}	
	
@article{Jung,
	Author = {Sung-rok Jung and Jeong-hoon Lee and Byeong-hee Roh},
	Journal = {Parallel and Distributed Processing with Applications},
	Number = {},
	Pages = {958-963},
	url={https://ieeexplore.ieee.org/document/4725253/},
	Urlaccessdate = {30 de abril de 2018},
	Title = {An Optimized Node-Disjoint Multi-path Routing Protocol for Multimedia Data Transmission over Wireless Sensor Networks},
	Volume = {},
	Year = {2008}}
	
@article{Guy,
	Author = {Chris Guy},
	Journal = {Sixth International Symposium on Instrumentation and Control Technology: Signal Analysis, Measurement Theory, Photo-Electronic Technology, and Artificial Intelligence},
	Number = {},
	Pages = {},
	url={https://www.spiedigitallibrary.org/conference-proceedings-of-spie/6357/63571I/Wireless-sensor-networks/10.1117/12.716964.short},
	Urlaccessdate = {2 de maio de 2018},
	Title = {Wireless sensor networks},
	Volume = {6357},
	Year = {2006}}	
	
		
@article{Nasir,
	Author = {Husna Jamal Abdul Nasir and Ku Ruhana Ku-Mahamud},
	Journal = {Indian Journal of Science and Technology},
	Number = {38},
	Pages = {},
	url={https://www.spiedigitallibrary.org/conference-proceedings-of-spie},
	Urlaccessdate = {5 de maio de 2018},
	Title = {Wireless Sensor Network: A Bibliographical Survey},
	Volume = {9},
	Year = {2006}}	
	

@phdthesis{SEMPREBOM,
	Address = {Campus Reitor João David Ferreira Lima, s/n - Trindade, Florianópolis - SC, 88040-900},
	Author = {Tiago Semprebom},
	School = {Universidade Federal de Santa Catarina, Centro Tecnológico, Programa de Pós-Graduação em Engenharia de Automação e Sistemas},
	Title = {Explorando descartes de ativações periódicas para provimento de qualidade de serviço em redes IEEE 802.15.4},
	Url = {http://repositorio.ufsc.br/xmlui/handle/123456789/100591},
	Urlaccessdate = {5 de maio de 2018},
	Year = {2012},
	Bdsk-Url-1 = {http://www.loa.istc.cnr.it/Guizzardi/SELMAS-CR.pdf}}	
	
@inbook{Ang,
	Address = {New Delhi, India},
	Author = {Li-minn Ang and Kah Phooi Seng and Li Wern Chew and Lee Seng Yeong and Wai Chong Chia},
	Booktitle = {Wireless Multimedia Sensor Networks on Reconfigurable Hardware},
	Booksubtitle = {Information Reduction Techniques},
	Pages = {5-38},
	Publisher = {Springer-Verlag Berlin Heidelberg},
	Title = {Chapter 2 Wireless Multimedia Sensor Network Technology},
	Year = {2013}}
	
@article{Natarajan,
	Author = {Prabhu Natarajan and Pradeep K Atrey and Mohan Kankanhalli},
	Journal = {ACM Transactions on Multimedia Computing, Communications, and Applications (TOMM)},
	Number = {4},
	Pages = {},
	url={https://dl.acm.org/citation.cfm?id=2710128},
	Urlaccessdate = {5 de maio de 2018},
	Title = {Multicamera coordination and control in surveillance systems: A survey},
	Volume = {11},
	Year = {2015}}		
	
@article{BONOTTO,
	Author = {Thiago Henrique Bonotto da Silva},
	School = {},
	Address = {Monografia (Bacharel em Engenharia de Telecomunicações) - Instituto Federal de Santa Catarina, R. José Lino Kretzer, 608 - Praia Comprida, São José - SC, 88103-310},
	url={https://wiki.sj.ifsc.edu.br/wiki/index.php/Mapeamento_de_Qualidade_de_Servi%C3%A7o_em_Redes_IEEE_802.15.4},
	Urlaccessdate = {2 de maio de 2018},
	Title = {Mapeamento de Qualidade de Serviço em Redes IEEE 802.15.4},
	Year = {2017}}	
	
@manual{loraAllianceWhatIs,
	Author = {lora-alliance},
	Organization = {lora-alliance},
	Title = {What is LoRaWAN™},
	Url = {	https://lora-alliance.org/resource-hub/what-lorawantm},
	Year = {2015}}
	

@article{CVZZ16,
    author={M. Centenaro and L. Vangelista and A. Zanella and M. Zorzi},
    journal={IEEE Wireless Communications},
    title={{Long-Range Communications in Unlicensed Bands: the Rising Stars in the IoT
and Smart City Scenarios}},
    year={2016},
    volume={23},
    keywords={Internet of Things;Smart Cities;Low-Power Wide Area Network (LPWAN);LoRa;
SIGFOX;Ingenu;Cellular IoT},
    month={October},
    url={https://arxiv.org/pdf/1510.00620.pdf},
	Urlaccessdate = {5 de maio de 2018}
    }

@article{LEONAN,
	Author = {Leonan da Silva Saraiva},
	School = {},
	Address = {Monografia (Bacharel em Engenharia de Telecomunicações) - Instituto Federal de Santa Catarina, R. José Lino Kretzer, 608 - Praia Comprida, São José - SC, 88103-310},
	url={https://wiki.sj.ifsc.edu.br/wiki/index.php/Plataforma_de_desenvolvimento_de_aplica%C3%A7%C3%B5es_IoT_utilizando_redes_LoRaWAN},
	Urlaccessdate = {12 de maio de 2018},
	Title = {Plataforma de desenvolvimento de aplicações IoT utilizando redes LoRaWAN},
	Year = {2017}}	

@article{GIULIO,
	Author = {Giulio Cruz de Oliveira},
	School = {},
	Address = {Monografia (Bacharel em Engenharia de Telecomunicações) - Instituto Federal de Santa Catarina, R. José Lino Kretzer, 608 - Praia Comprida, São José - SC, 88103-310},
	url= {https://wiki.sj.ifsc.edu.br/wiki/images/a/ad/TCC290_Giulio_Cruz_de_Oliveira.pdf},
	Urlaccessdate = {12 de maio de 2018},
	Title = {Localização Indoor Utilizando a Tecnologia LoRaWAN e Aprendizado de Máquina},
	Year = {2017}}	

@article{Klauberg2016,
	Author = {Andre Felipe Klauberg},
	School = {},
	Address = {Monografia (Tecnólogo em Sistemas de Telecomunicações) - Instituto Federal de Santa Catarina, R. José Lino Kretzer, 608 - Praia Comprida, São José - SC, 88103-310},
	url= {https://wiki.sj.ifsc.edu.br/wiki/index.php/Isolamento_das_Redes_Virtuais_(VLAN)_em_uma_Infraestrutura_em_Nuvem_Usando_uma_Abordagem_SDN/OpenFlow},
	Urlaccessdate = {18 de junho de 2018},
	Title = {Isolamento das redes virtuais (VLAN) em uma infraestrutura em nuvem usando uma abordagem SDN/OpenFlow},
	Year = {2016}}	





@article{Alazzawi,
	Author = {Lubna Alazzawi and Ali Elkateeb},
	Journal = {Journal of Computer Systems, Networks, and Communications},
	Number = {},
	Pages = {},
	url={https://www.hindawi.com/journals/jcnc/2008/481046/},
	Urlaccessdate = {15 de maio de 2018},
	Title = {Performance Evaluation of the WSN Routing Protocols Scalability},
	Volume = {2008},
	Year = {2008}}	
	
@article{Singhers,
	Author = {Shio Kumar Singh and  M P Singh and Dharmendra Kumar Singh},
	Journal = {International Journal of Computer Science and Engineering Survey (IJCSES)},
	Number = {2},
	Pages = {63-83},
	url={https://pdfs.semanticscholar.org/f376/57052b3c8dc64052a1df8ae2f1959f438c19.pdf},
	Urlaccessdate = {16 de maio de 2018},
	Title = {Routing Protocols in Wireless Sensor Networks – A Survey},
	Volume = {1},
	Year = {2010}}		
	
@article{Tripathy,
	Author = {Malay Ranjan Tripathy and Deepak Goyal},
	Journal = {Second International Conference on Advanced Computing and Communication Technologies},
	Pages = {474-480},
	url={https://ieeexplore.ieee.org/document/6168416/},
	Urlaccessdate = {16 de maio de 2018},
	Title = {Routing Protocols in Wireless Sensor Networks: A Survey },
	Year = {2012}}	
	
@article{Abazeed,
	Author = {Mohammed Abazeed and Norshiela Faisal and Suleiman Zubair and Adel Ali},
	Journal = {Journal of Sensors},
	Pages = {1-11},
	Number = {},
	Volume = {2013},
	url={https://www.hindawi.com/journals/js/2013/469824/},
	Urlaccessdate = {16 de maio de 2018},
	Title = {Routing Protocols in Wireless Sensor Networks: A Survey },
	Year = {2013}}	
	
@article{Ndiaye,
	Author = {Musa Ndiaye and Gerhard P. Hancke and Adnan M. Abu-Mahfouz},
	Journal = {Sensors},
	Number = {5},
	Pages = {},
	url={https://www.ncbi.nlm.nih.gov/pmc/articles/PMC5469636/},
	Urlaccessdate = {20 de maio de 2018},
	Title = {Software Defined Networking for Improved Wireless Sensor Network Management: A Survey},
	Volume = {17},
	Year = {2017}
}

@article{SDX,
	Author = {sdxcentral},
	Journal = {},
	Number = {},
	Pages = {},
	url={https://www.sdxcentral.com/sdn/definitions/inside-sdn-architecture/},
	Urlaccessdate = {24 de maio de 2018},
	Title = {Understanding the SDN Architecture – SDN Control Plane and SDN Data Plane},
	Volume = {},
	Year = {2015}
}

@article{HOWTOFORGE,
	Author = {Himanshu Arora and Tarun Thakur},
	Journal = {},
	Number = {},
	Pages = {},
	url={https://www.howtoforge.com/tutorial/software-defined-networking-sdn-architecture-and-role-of-openflow/},
	Urlaccessdate = {24 de maio de 2018},
	Title = {Software Defined Networking (SDN) - Architecture and role of OpenFlow},
	Volume = {},
	Year = {2017}
}

@article{sdnwiseCORE,
	Author = {SDN-WISE},
	Journal = {},
	Number = {},
	Pages = {},
	url={http://sdn-wise.dieei.unict.it/docs/guides/Core.html},
	Urlaccessdate = {24 de maio de 2018},
	Title = {SDN-WISE Core},
	Volume = {},
	Year = {2017}
}

@article{sdnwiseWebSite,
	Author = {SDN-WISE},
	Journal = {},
	Number = {},
	Pages = {},
	url={http://sdn-wise.dieei.unict.it/},
	Urlaccessdate = {24 de maio de 2018},
	Title = {SDN-WISE},
	Volume = {},
	Year = {2017}
}


@inproceedings{galluccio2015sdn,
  title={SDN-WISE: Design, prototyping and experimentation of a stateful SDN solution for WIreless SEnsor networks},
  author={Galluccio, Laura and Milardo, Sebastiano and Morabito, Giacomo and Palazzo, Sergio},
  booktitle={Computer Communications (INFOCOM), 2015 IEEE Conference on},
  pages={513--521},
  year={2015},
  organization={IEEE},
  url={https://ieeexplore.ieee.org/abstract/document/7218418/},
  Urlaccessdate = {24 de maio de 2018}
}

@article{radi2012multipath,
  title={Multipath routing in wireless sensor networks: survey and research challenges},
  author={Radi, Marjan and Dezfouli, Behnam and Bakar, Kamalrulnizam Abu and Lee, Malrey},
  journal={Sensors},
  volume={12},
  number={1},
  pages={650--685},
  year={2012},
  publisher={Molecular Diversity Preservation International},
  url={https://www.ncbi.nlm.nih.gov/pmc/articles/PMC3279234/},
  Urlaccessdate = {18 de junho de 2018}
}

@article{nunes2014survey,
  title={A survey of software-defined networking: Past, present, and future of programmable networks},
  author={Nunes, Bruno Astuto A and Mendonca, Marc and Nguyen, Xuan-Nam and Obraczka, Katia and Turletti, Thierry},
  journal={IEEE Communications Surveys \& Tutorials},
  volume={16},
  number={3},
  pages={1617--1634},
  year={2014},
  publisher={IEEE}
}

@article{karakus2017quality,
  title={Quality of service (qos) in software defined networking (sdn): A survey},
  author={Karakus, Murat and Durresi, Arjan},
  journal={Journal of Network and Computer Applications},
  volume={80},
  pages={200--218},
  year={2017},
  publisher={Elsevier},
  url={https://www.sciencedirect.com/science/article/pii/S1084804516303186},
  Urlaccessdate = {18 de junho de 2018}
}

@inproceedings{di2016exploiting,
  title={Exploiting state information to support QoS in Software-Defined WSNs},
  author={Di Dio, Paolo and Faraci, Salvatore and Galluccio, Laura and Milardo, Sebastiano and Morabito, Giacomo and Palazzo, Sergio and Livreri, Patrizia},
  booktitle={Ad Hoc Networking Workshop (Med-Hoc-Net), 2016 Mediterranean},
  pages={1--7},
  year={2016},
  organization={IEEE}
}

@article{micaz2013wireless,
  title={Wireless sensor networks},
  author={MICAz, MEMSIC},
  journal={Datasheet},
  number={},
  pages={},
  year={2013},
  url={http://www.memsic.com/userfiles/files/Datasheets/WSN/micaz_datasheet-t.pdf},
  Urlaccessdate = {18 de junho de 2018}
}

